@article{tange2011gnu,
  title = {{\acro{GNU}} {P}arallel: The command-line power tool},
  author = {Tange, Ole},
  journal = {USENIX Mag},
  volume = {36},
  number = {1},
  pages = {42--47},
  year = {2011}
}

@online{novotny2023implement,
  title = {Implement batching and summarization to unit tests},
  author = {Novotný, Vít},
  year = {2023},
  month = Jan,
  url = {https://github.com/witiko/markdown/issues/245},
}

@online{starynovotny2023measure,
  title = {Measure the speed of tests with different numbers of processes and batch sizes},
  author = {Starý Novotný, Vít},
  year = {2023},
  month = Oct,
  url = {https://github.com/Witiko/markdown/blob/main/experiments/2023-10-12-test-batching},
}

@online{novotny2020arqmath,
  title = {{ARQMath} data preprocessing},
  author = {Novotný, Vít},
  year = {2020},
  month = Jun,
  url = {https://github.com/MIR-MU/ARQMath-data-preprocessing/blob/main/scripts/latex_tsv_to_cmml_and_pmml_tsv.py},
}

@inproceedings{novotny2020three,
  title = {Three is better than one},
  author = {Vít Novotný and Petr Sojka and Michal Štefánik and Dávid Lupták},
  booktitle = {CEUR Workshop Proceedings: ARQMath task at CLEF conference},
  publisher = {CEUR-WS},
  address = {Thessaloniki, Greece},
  date = {22--25 September, 2020},
  year = 2020,
  volume = 2696,
  pages = {1--30},
  url = {https://ceur-ws.org/Vol-2696/paper_235.pdf},
}

@online{latex2023l3build,
  title = {l3build: A testing and building system for {\AllTeX}},
  author = {{\LaTeX{} project team}},
  year = {2023},
  month = Nov,
  url = {https://ctan.org/pkg/l3build},
}

@article{mittelbach2014l3build,
  author = {Frank Mittelbach and Will Robertson and {\LaTeX 3 team}},
  title = {l3build: A modern Lua test suite
for {\TeX} programming},
  journal = {TUGboat},
  volume = {35},
  number = {3},
  issue = {111},
  year = 2014,
  pages = {287--293},
}

@article{wright2015automating,
  author = {Joseph Wright and {\LaTeX 3 team}},
  title = {Automating {\LaTeX}(3) testing},
  journal = {TUGboat},
  volume = {36},
  number = {3},
  issue = {114},
  year = 2015,
  pages = {234--236},
}

@article{wright2022l3build,
  author = {Joseph Wright},
  title = {l3build: The beginner's guide},
  journal = {TUGboat},
  volume = {43},
  number = {1},
  issue = {133},
  year = 2022,
  pages = {40--43},
}